<record><leader>00000cas a22000007a 4500</leader><controlfield tag="001">15259038</controlfield><controlfield tag="008">870303c19019999pauwr ne      0    0eng d</controlfield><datafield ind1=" " ind2=" " tag="010"><subfield code="a">sn 87080110 </subfield></datafield><datafield ind1=" " ind2=" " tag="040"><subfield code="a">NPH</subfield><subfield code="b">eng</subfield><subfield code="c">NPH</subfield><subfield code="d">OCLCQ</subfield></datafield><datafield ind1=" " ind2=" " tag="042"><subfield code="a">msc</subfield></datafield><datafield ind1="0" ind2=" " tag="130"><subfield code="a">Albion news (Albion, Pa.)</subfield></datafield><datafield ind1="1" ind2="4" tag="245"><subfield code="a">The Albion news.</subfield></datafield><datafield ind1="3" ind2="0" tag="246"><subfield code="a">Albion semi-weekly news</subfield></datafield><datafield ind1="3" ind2="0" tag="246"><subfield code="a">Albion weekly news</subfield></datafield><datafield ind1=" " ind2=" " tag="260"><subfield code="a">Albion, Pa. :</subfield><subfield code="b">[R.C. McClymonds],</subfield><subfield code="c">1901-</subfield></datafield><datafield ind1=" " ind2=" " tag="300"><subfield code="a">v. ;</subfield><subfield code="c">44 cm.</subfield></datafield><datafield ind1=" " ind2=" " tag="310"><subfield code="a">Weekly,</subfield><subfield code="b">&lt;1911-&gt;</subfield></datafield><datafield ind1=" " ind2=" " tag="321"><subfield code="a">Weekly,</subfield><subfield code="b">&lt;1901&gt;</subfield></datafield><datafield ind1=" " ind2=" " tag="321"><subfield code="a">Semiweekly,</subfield><subfield code="b">(1908)</subfield></datafield><datafield ind1="0" ind2=" " tag="362"><subfield code="a">Vol. 1, no. 1 (Dec. 31, 1901)-</subfield></datafield><datafield ind1=" " ind2=" " tag="500"><subfield code="a">"Northwestern area's home newspaper," &lt;1945&gt;.</subfield></datafield><datafield ind1=" " ind2=" " tag="500"><subfield code="a">Published as: Albion semi-weekly news, &lt;Mar. 27, 1908&gt;; as: Albion weekly news, &lt;1911-1912&gt;.</subfield></datafield><datafield ind1=" " ind2=" " tag="752"><subfield code="a">United States</subfield><subfield code="b">Pennsylvania</subfield><subfield code="c">Erie</subfield><subfield code="d">Albion.</subfield></datafield></record>